@book{reade1989elements,
  title={Elements of functional programming},
  author={Reade, Chris},
  year={1989},
  publisher={Addison-Wesley}
}

@article{heineman2001component,
  title={Component-based software engineering: putting the pieces together},
  author={Heineman, George T and Council, William T},
  year={2001},
  publisher={Addison-Wesley}
}

@online{franks1999rfc,
  title={{RFC 2617: HTTP Authentication: Basic and Digest Access Authentication}},
  author={Franks, John and Hallam-Baker, P and Hostetler, J and Lawrence, S and Leach, P and Luotonen, Ari and Stewart, L},
  year={1999},
  url={https://tools.ietf.org/html/rfc2617},
}

@online{hardt2012oauth,
  title={{RFC 6749: The OAuth 2.0 Authorization Framework}},
  author={Hardt, Dick},
  year={2012},
  url={http://tools.ietf.org/html/rfc6749}
}

@book{evans2004domain,
  title={Domain-driven design: tackling complexity in the heart of software},
  author={Evans, Eric},
  year={2004},
  publisher={Addison-Wesley Professional}
}


@article{king2007introduction,
  title={An introduction to the Dataverse Network as an infrastructure for data sharing},
  author={King, Gary},
  journal={Sociological Methods \& Research},
  volume={36},
  number={2},
  pages={173--199},
  year={2007},
  publisher={Sage Publications}
}

@Manual{urbanek2013rserve,
  title = {Rserve: Binary R server},
  author = {Simon Urbanek},
  year = {2013},
  note = {R package version 1.7-3},
  url = {http://CRAN.R-project.org/package=Rserve},
}

@Manual{shiny,
  title = {shiny: Web Application Framework for R},
  author = {RStudio Inc.},
  year = {2013},
  note = {R package version 0.8.0},
  url = {http://CRAN.R-project.org/package=shiny},
}

@manual{horner2013rapache,
  title={RApache: Web application development with R and Apache},
  author={Horner, Jeffrey},
  url={http://www.rapache.net},
  year={2013}
}

@manual{gautier2008rpy2,
  title={rpy2: A simple and efficient access to R from Python},
  author={Gautier, L},
  url={http://rpy.sourceforge.net/rpy2.html},
  year={2012}
}

@book{hennessy2012computer,
  title={Computer architecture: a quantitative approach},
  author={Hennessy, John L and Patterson, David A},
  year={2012},
  publisher={Elsevier}
}

@book{victor2007concise,
  title={The concise new Partridge dictionary of slang and unconventional English},
  author={Victor, Terry and Dalzell, Tom},
  year={2007},
  publisher={Routledge}
}

@article{manyika2011big,
  title={Big data: The next frontier for innovation, competition, and productivity},
  author={Manyika, James and Chui, Michael and Brown, Brad and Bughin, Jacques and Dobbs, Richard and Roxburgh, Charles and Byers, Angela H},
  year={2011},
  organization={McKinsey Global Institute}
}

@article{herndon2013does,
  title={Does high public debt consistently stifle economic growth? A critique of Reinhart and Rogoff},
  author={Herndon, Thomas and Ash, Michael and Pollin, Robert},
  journal={Cambridge Journal of Economics},
  pages={bet075},
  year={2013},
  publisher={CPES}
}

@Manual{cranRR,
  title = {CRAN Task View: Reproducible Research},
  author = {Max Kuhn},
  year = {2014},
  url = {http://cran.r-project.org/web/views/ReproducibleResearch.html},
}

@phdthesis{fielding2000architectural,
  title={Architectural styles and the design of network-based software architectures},
  author={Fielding, Roy Thomas},
  year={2000},
  school={University of California}
}

@article{pythonfunctional,
  title = {Functional Programming},
  author = {{A. M. Kuchling}},
  year = {2014},
  note = {Release 0.31},
  journal={Python Documentation},
  url = {http://docs.python.org/2/howto/functional.html},
}

@article{cox1990planning,
  title={Planning the software industrial revolution},
  author={Cox, Brad J.},
  journal={Software, IEEE},
  volume={7},
  number={6},
  pages={25--33},
  year={1990},
  publisher={IEEE}
}

@article{van2009stage,
  title={Stage line diagram: An age-conditional reference diagram for tracking development},
  author={van Buuren, Stef and Ooms, Jeroen CL},
  journal={Statistics in medicine},
  volume={28},
  number={11},
  pages={1569--1579},
  year={2009},
  publisher={Wiley Online Library}
}

@inproceedings{bondi2000characteristics,
  title={Characteristics of scalability and their impact on performance},
  author={Bondi, Andr{\'e} B},
  booktitle={Proceedings of the 2nd international workshop on Software and performance},
  pages={195--203},
  year={2000},
  organization={ACM}
}

@misc{wiki:Software_component,
  author = "Wikipedia",
  title = "Component-based software engineering --- {W}ikipedia{,} The Free Encyclopedia",
  year = "2014",
  url = {http://en.wikipedia.org/wiki/Software_component},
}

@article{eddelbuettel2011rcpp,
  title={Rcpp: Seamless R and C++ integration},
  author={Eddelbuettel, Dirk and Fran{\c{c}}ois, Romain},
  journal={Journal of Statistical Software},
  volume={40},
  number={8},
  pages={1--18},
  year={2011}
}

@inproceedings{neuwirth2001embedding,
  title={Embedding R in standard software, and the other way around},
  author={Neuwirth, Erich and Baier, Thomas},
  booktitle={Proceedings of the Distributed Statistical Computing 2001 Workshop},
  url={http://www.r-project.org/conferences/DSC-2001/Proceedings/NeuwirthBaier.pdf},
  year={2001}
}

@article{writingextensions,
  title={Writing R Extensions},
  author={{R Core Team}},
  journal={R Foundation for Statistical Computing},
  url={http://cran.r-project.org/doc/manuals/R-exts.html},
  year={2014}
}

@article{peng2011reproducible,
  title={Reproducible research in computational science},
  author={Peng, Roger D and others},
  journal={Science (New York, Ny)},
  volume={334},
  number={6060},
  pages={1226--1227},
  year={2011},
  publisher={NIH Public Access}
}

@article{torvalds2010git,
  title={Git: Fast version control system},
  author={Torvalds, Linus and Hamano, Junio},
  journal={URL http://git-scm. com},
  year={2010}
}

@article{bostock2011d3,
  title={D$^3$ Data-Driven Documents},
  author={Bostock, Michael and Ogievetsky, Vadim and Heer, Jeffrey},
  journal={Visualization and Computer Graphics, IEEE Transactions on},
  volume={17},
  number={12},
  pages={2301--2309},
  year={2011},
  publisher={IEEE}
}

@article{dean2004mapreduce,
  title={MapReduce: Simplified Data Processing on Large Clusters},
  author={Dean, Jeffrey and Ghemawat, Sanjay},
  journal={Appeared in OSDI'04},
  year={2004}
}

@book{efron1982jackknife,
  title={The jackknife, the bootstrap and other resampling plans},
  author={Efron, Bradley},
  volume={38},
  year={1982},
  publisher={SIAM}
}

@article{ritchie1974unix,
  title={The UNIX time-sharing system},
  author={Ritchie, Dennis M and Thompson, Ken},
  journal={Communications of the ACM},
  volume={17},
  number={7},
  pages={365--375},
  year={1974},
  publisher={ACM}
}

@article{tukey1986sunset,
  title={Sunset salvo},
  author={Tukey, John W},
  journal={The American Statistician},
  volume={40},
  number={1},
  pages={72--76},
  year={1986},
  publisher={Taylor \& Francis Group}
}

@misc{chambersaward,
  title={ACM honors dr. John M. Chambers of Bell Labs with the 1998 ACM software system award for creating \texttt{S} system},
  url={http://www.acm.org/announcements/ss99.html},
  year={1998},
  author={ACM},
}

@book{becker1984s,
  title={S: an interactive environment for data analysis and graphics},
  author={Becker, Richard A and Chambers, John M},
  year={1984},
  publisher={CRC Press}
}

@article{becker1988new,
  title={The new S language},
  author={Becker, Richard A and Chambers, John M and Wilks, Allan R},
  journal={Pacific Grove, Ca.: Wadsworth \& Brooks, 1988},
  volume={1},
  year={1988}
}

@article{brillinger2002john,
  title={John W. Tukey: his life and professional contributions},
  author={Brillinger, David R},
  journal={Annals of Statistics},
  pages={1535--1575},
  year={2002},
  publisher={JSTOR}
}

@article{cooley1965algorithm,
  title={An algorithm for the machine calculation of complex Fourier series},
  author={Cooley, James W and Tukey, John W},
  journal={Mathematics of computation},
  volume={19},
  number={90},
  pages={297--301},
  year={1965},
  publisher={JSTOR}
}

@article{tukey1977exploratory,
  title={Exploratory data analysis},
  author={Tukey, John W},
  year={1977},
  publisher={Addison-Wesley}
}

@article{nolan2010computing,
  title={Computing in the statistics curricula},
  author={Nolan, Deborah and Lang, {Duncan Temple}},
  journal={The American Statistician},
  volume={64},
  number={2},
  year={2010},
  url = {http://www.stat.berkeley.edu/~statcur/Preprints/ComputingCurric3.pdf}
}

@Manual{R,
  title = {R: A Language and Environment for Statistical Computing},
  author = {{R Core Team}},
  organization = {R Foundation for Statistical Computing},
  address = {Vienna, Austria},
  year = {2013},
  url = {http://www.R-project.org/},
}

@techreport{future2013,
  title = {The Future of Publication in the Statistical Sciences},
  author = {Herbert Lee and Bruce Lindsay and Samantha C. Prins and Nicholas P. Jewell and
Michelle Dunn and Steven Snapinn and David Banks and Leonard Stefanski},
  group = {ASA},
  year = {2013},
  url = {http://magazine.amstat.org/wp-content/uploads/2013an/FuturePublicationsReport.pdf}
}

@Manual{rjava,
  title = {rJava: Low-level R to Java interface},
  author = {Simon Urbanek},
  year = {2013},
  note = {R package version 0.9-6},
  url = {http://CRAN.R-project.org/package=rJava},
}

@article{dahl2008rinruby,
  title={Rinruby: accessing the r interpreter from pure ruby},
  author={Dahl, David B and Crawford, Scott},
  journal={J. Stat. Softw},
  volume={29},
  pages={1--18},
  year={2008}
}

@Manual{littler,
  title = {littler: a scripting front-end for GNU R. littler version 0.1.5},
  author = {Horner, J. and Eddelbuettel, D},
  year = {2011},
  url = {http://dirk.eddelbuettel.com/code/littler.html},
}

@book{heiberger2009r,
  title={R through Excel: A spreadsheet interface for statistics, data analysis, and graphics},
  author={Heiberger, Richard M and Neuwirth, Erich},
  year={2009},
  publisher={Wiley Online Library}
}